<record><leader>00000cas a22000007a 4500</leader><controlfield tag="001">10187688</controlfield><controlfield tag="008">831205d18881890ksuwr ne      0   a0eng d</controlfield><datafield ind1=" " ind2=" " tag="010"><subfield code="a">sn 83040963 </subfield></datafield><datafield ind1=" " ind2=" " tag="040"><subfield code="a">KSH</subfield><subfield code="b">eng</subfield><subfield code="c">KSH</subfield><subfield code="d">NPT</subfield><subfield code="d">OCLCQ</subfield></datafield><datafield ind1=" " ind2=" " tag="042"><subfield code="a">msc</subfield></datafield><datafield ind1=" " ind2=" " tag="043"><subfield code="a">n-us-ks</subfield></datafield><datafield ind1="0" ind2=" " tag="130"><subfield code="a">Quill (Jamestown, Kan.)</subfield></datafield><datafield ind1="1" ind2="4" tag="245"><subfield code="a">The quill.</subfield></datafield><datafield ind1=" " ind2=" " tag="260"><subfield code="a">Jamestown, Kan. :</subfield><subfield code="b">W.W. Pinkerton</subfield></datafield><datafield ind1=" " ind2=" " tag="300"><subfield code="a">v. ;</subfield><subfield code="c">59 cm.</subfield></datafield><datafield ind1=" " ind2=" " tag="310"><subfield code="a">Weekly</subfield></datafield><datafield ind1="1" ind2=" " tag="362"><subfield code="a">Began in 1888; ceased with Nov. 22, 1890 issue?</subfield></datafield><datafield ind1=" " ind2=" " tag="588"><subfield code="a">Description based on: Vol. 1, no. 3 (Dec. 1, 1888).</subfield></datafield><datafield ind1=" " ind2=" " tag="752"><subfield code="a">United States</subfield><subfield code="b">Kansas</subfield><subfield code="c">Cloud</subfield><subfield code="d">Jamestown.</subfield></datafield><datafield ind1="0" ind2="7" tag="785"><subfield code="t">Kansan (Jamestown, Kan. : 1886)</subfield><subfield code="w">(DLC)sn 83040998</subfield></datafield><datafield ind1="0" ind2="7" tag="785"><subfield code="t">New era (Jamestown, Kan.)</subfield><subfield code="w">(DLC)sn 83041002</subfield></datafield><datafield ind1="1" ind2=" " tag="029"><subfield code="a">AU@</subfield><subfield code="b">000025806799</subfield></datafield></record>